% This file was created with JabRef 2.7b.
% Encoding: UTF8

@ARTICLE{sandpile_models,
  author = {Alain Barrat, Alessandro Vespignani and Stefano Zapperi},
  title = {Fluctuations and Correlations in Sandpile Models},
  year = {September 1999},
  owner = {demi},
  timestamp = {2012.04.27}
}

@ARTICLE{ca_and_soc,
  author = {Michael Creutz},
  title = {Cellular automata and self-organized criticality},
  year = {November 1996},
  owner = {demi},
  timestamp = {2012.04.27}
}

@ARTICLE{abelian_sandpile_model,
  author = {Monwhea Jeng},
  title = {The Abelian Sandpile model},
  owner = {demi},
  timestamp = {2012.04.27},
  url = {http://www.phy.syr.edu/~mjeng/ASM/ASM.html}
}

@ARTICLE{how_soc_works,
  author = {Alessandro Vespignani and Alessandro Vespignani},
  title = {How self-organized criticality works: A unified mean-field picture},
  year = {June 1998},
  owner = {demi},
  timestamp = {2012.04.27}
}

